@article{liu2007survey,
  title={Survey of wireless indoor positioning techniques and systems},
  author={Liu, Hui and Darabi, Houshang and Banerjee, Pat and Liu, Jing},
  journal={IEEE Transactions on Systems, Man, and Cybernetics, Part C (Applications and Reviews)},
  volume={37},
  number={6},
  pages={1067--1080},
  year={2007},
  publisher={IEEE}
}

@inproceedings{chen2007design,
  title={Design and implementation of a wifi-based local locating system},
  author={Chen, Yibo and Luo, Rong},
  booktitle={Portable Information Devices, 2007. PORTABLE07. IEEE International Conference on},
  pages={1--5},
  year={2007},
  organization={IEEE}
}

@inproceedings{freudiger2015talkative,
  title={How talkative is your mobile device?: an experimental study of Wi-Fi probe requests},
  author={Freudiger, Julien},
  booktitle={Proceedings of the 8th ACM Conference on Security \& Privacy in Wireless and Mobile Networks},
  pages={8},
  year={2015},
  organization={ACM}
}

@article{mishra2003empirical,
  title={An empirical analysis of the IEEE 802.11 MAC layer handoff process},
  author={Mishra, Arunesh and Shin, Minho and Arbaugh, William},
  journal={ACM SIGCOMM Computer Communication Review},
  volume={33},
  number={2},
  pages={93--102},
  year={2003},
  publisher={ACM}
}

@inproceedings{wibowo2009time,
  title={Time of flight ranging using off-the-self ieee802. 11 wifi tags},
  author={Wibowo, Sigit Basuki and Klepal, Martin and Pesch, Dirk},
  booktitle={Proceedings of the International Conference on Positioning and Context-Awareness (PoCAâ€™09)},
  year={2009}
}

@inproceedings{abdel2013monophy,
  title={MonoPHY: Mono-stream-based device-free WLAN localization via physical layer information},
  author={Abdel-Nasser, Heba and Samir, Reham and Sabek, Ibrahim and Youssef, Moustafa},
  booktitle={Wireless communications and networking conference (WCNC), 2013 IEEE},
  pages={4546--4551},
  year={2013},
  organization={IEEE}
}

@article{skibniewski2009simulation,
  title={Simulation of Accuracy Performance for Wireless Sensor-Based Construction Asset Tracking},
  author={Skibniewski, Miros{\l}aw J and Jang, Won-Suk},
  journal={Computer-Aided Civil and Infrastructure Engineering},
  volume={24},
  number={5},
  pages={335--345},
  year={2009},
  publisher={Wiley Online Library}
}

@inproceedings{hossain2007comprehensive,
  title={A comprehensive study of bluetooth signal parameters for localization},
  author={Hossain, AKM Mahtab and Soh, Wee-Seng},
  booktitle={Personal, Indoor and Mobile Radio Communications, 2007. PIMRC 2007. IEEE 18th International Symposium on},
  pages={1--5},
  year={2007},
  organization={IEEE}
}

@article{ni2004landmarc,
  title={LANDMARC: indoor location sensing using active RFID},
  author={Ni, Lionel M and Liu, Yunhao and Lau, Yiu Cho and Patil, Abhishek P},
  journal={Wireless networks},
  volume={10},
  number={6},
  pages={701--710},
  year={2004},
  publisher={Springer-Verlag New York, Inc.}
}

@inproceedings{lui2011differences,
  title={Differences in RSSI readings made by different Wi-Fi chipsets: A limitation of WLAN localization},
  author={Lui, Gough and Gallagher, Thomas and Li, Binghao and Dempster, Andrew G and Rizos, Chris},
  booktitle={Localization and GNSS (ICL-GNSS), 2011 International Conference on},
  pages={53--57},
  year={2011},
  organization={IEEE}
}

@article{drane1998positioning,
  title={Positioning GSM telephones},
  author={Drane, Christopher and Macnaughtan, Malcolm and Scott, Craig},
  journal={IEEE Communications Magazine},
  volume={36},
  number={4},
  pages={46--54},
  year={1998},
  publisher={IEEE}
}

@article{torrieri1984statistical,
  title={Statistical theory of passive location systems},
  author={Torrieri, Don J},
  journal={IEEE transactions on Aerospace and Electronic Systems},
  number={2},
  pages={183--198},
  year={1984},
  publisher={IEEE}
}

@inproceedings{li2000comparison,
  title={Comparison of indoor geolocation methods in DSSS and OFDM wireless LAN systems},
  author={Li, Xinrong and Pahlavan, Kaveh and Latva-aho, Matti and Ylianttila, Mika},
  booktitle={Vehicular Technology Conference, 2000. IEEE-VTS Fall VTC 2000. 52nd},
  volume={6},
  pages={3015--3020},
  year={2000},
  organization={IEEE}
}

@inproceedings{bahl2000radar,
  title={RADAR: An in-building RF-based user location and tracking system},
  author={Bahl, Paramvir and Padmanabhan, Venkata N},
  booktitle={INFOCOM 2000. Nineteenth Annual Joint Conference of the IEEE Computer and Communications Societies. Proceedings. IEEE},
  volume={2},
  pages={775--784},
  year={2000},
  organization={Ieee}
}

@article{bahl2000enhancements,
  title={Enhancements to the RADAR user location and tracking system},
  author={Bahl, Paramvir and Padmanabhan, Venkata N and Balachandran, Anand},
  journal={Microsoft Research},
  volume={2},
  number={MSR-TR-2000-12},
  pages={775--784},
  year={2000}
}

@inproceedings{prasithsangaree2002indoor,
  title={On indoor position location with wireless LANs},
  author={Prasithsangaree, Phongsak and Krishnamurthy, Prashant and Chrysanthis, Panos},
  booktitle={Personal, Indoor and Mobile Radio Communications, 2002. The 13th IEEE International Symposium on},
  volume={2},
  pages={720--724},
  year={2002},
  organization={IEEE}
}

@article{muthukrishnan2006using,
  title={Using time-of-flight for WLAN localization: feasibility study},
  author={Muthukrishnan, Kavitha and Koprinkov, GT and Meratnia, Nirvana and Lijding, MEM},
  year={2006},
  publisher={Centre for Telematics and Information Technology University of Twente}
}

@MISC{google2017android,
author = {Google},
title = {Offizielle Website des Android-Projekts},
month = Mai,
year = {2017},
howpublished={\url{https://www.android.com/intl/de_de/phones/}}
}


@MISC{espressif2017esp8266,
author = {Espressif Systems IOT Team},
title = {ESP8266EX Datasheet},
month = Mai,
year = {2017},
howpublished={\url{http://espressif.com/sites/default/files/documentation/0a-esp8266ex_datasheet_en.pdf}}
}
